@inproceedings{chen2016xgboost,
  title={Xgboost: A scalable tree boosting system},
  author={Chen, Tianqi and Guestrin, Carlos},
  booktitle={Proceedings of the 22nd acm sigkdd international conference on knowledge discovery and data mining},
  pages={785--794},
  year={2016}
}
@article{cohen1999simple,
  title={A simple, fast, and effective rule learner},
  author={Cohen, William W. and Singer, Yoram},
  journal={Proceedings of the 16th National Conference on Artificial Intelligence},
  pages={335--342},
  year={1999},
  publisher={American Association for Artificial Intelligence}
}
@book{weka_book,
  author = {Ian H. Witten and Eibe Frank and Mark A. Hall},
  title = {Data Mining: Practical Machine Learning Tools and Techniques},
  publisher = {Morgan Kaufmann},
  year = 2011,
  address = {Burlington, MA},
  edition = 3,
  http = {http://www.cs.waikato.ac.nz/~ml/weka/book.html}
}
@inproceedings{rapp2021learning,
  title={Learning gradient boosted multi-label classification rules},
  author={Rapp, Michael and Menc\'ia, Enrique L. and F{\"u}rnkranz, Johannes and Nguyen, Vu-Linh and H{\"u}llermeier, Eyke},
  booktitle={Proceedings of the Joint European Conference on Machine Learning and Knowledge Discovery in Databases},
  pages={124--140},
  year={2021},
  publisher={Springer}
}
@misc{xgboostparameters,
  title = {XGBoost Parameters},
  author = {XGBoost Developers},
  year = {2024},
  howpublished = {\url{https://xgboost.readthedocs.io/en/stable/parameter.html}},
  note = {Accessed: 2024-10-20}
}
